 
@article{fernandes2012derivative,
  title={A derivative-free filter driven multistart technique for global optimization},
  author={Fernandes, Florbela and Costa, M and Fernandes, Edite},
  journal={Computational Science and Its Applications--ICCSA 2012},
  pages={103--118},
  year={2012},
  publisher={Springer}
}
@ARTICLE{Kan1987,
  author = {A. H. G. Rinnooy Kan and G. T. Timmer},
  title = {Stochastic global optimization methods part {I}: Clustering methods},
  journal = {Mathematical Programming},
  year = {1987},
  volume = {39},
  pages = {27--56},
  number = {1},
  doi = {10.1007/BF02592070},
  file = {:papers/Kan-part1.pdf:PDF}
}

@ARTICLE{Kan1987b,
  author = {A. H. G. Rinnooy Kan and G. T. Timmer},
  title = {Stochastic global optimization methods Part {II}: Multilevel Methods},
  journal = {Mathematical Programming},
  year = {1987},
  volume = {39},
  pages = {57--78},
  number = {1},
  doi = {10.1007/BF02592071},
  file = {:papers/Kan-part2.pdf:PDF}
}

@PHDTHESIS{WildPhD,
  author = {Stefan M. Wild},
  title = {Derivative-Free Optimization Algorithms for Computationally Expensive
	Functions},
  school = {Cornell University},
  year = {2008},
  address = {Ithaca, NY},
  url = {http://ecommons.cornell.edu/handle/1813/11248},
  timestamp = {2013.02.28}
}

@article{LarWild14,
  author = {Jeffrey Larson and Stefan M. Wild},
  title = {A Batch, Derivative-Free Algorithm for Finding Multiple Local Minima},
  journal = {Optimization and Engineering},
  volume = {17},
  number = {1},
  year = {2016},
  pages = {205--228},
  mnote = {ANL/MCS-P5228-1114},
  doi = {10.1007/s11081-015-9289-7},
}

@techreport{taxonomy17,
	Author = {S\'ebastien {Le~Digabel} and Stefan M. Wild}, 
	Institution = {Argonne National Laboratory, Mathematics and Computer Science Division},
  	Type = {Preprint},
	Month = {Jan},
	Number = {ANL/MCS-P5350-0515},
	Title = {A Taxonomy of Constraints in Black-Box Simulation-Based Optimization},
	Year = {2015},
	url = {http://www.mcs.anl.gov/papers/P5350-0515.pdf}
}

@book{BonnansShapiro,
  Author = {J. Fr\'{e}d\'{e}ric Bonnans and Alexander Shapiro},
  Title = {Perturbation Analysis of Optimization Problems},
  Publisher = {Springer-Verlag},
  Address = {New York, New York},
  Year = {2000}
}

@article{LuoTseng:Error,
  author = {Z.-Q. Luo and P. Tseng},
  title = {Error bounds and convergence analysis of feasible descent methods: a general approach},
  journal = {Annals of Operations Research},
  volume = {46},
  year = {1993},
  pages = {157--178}
}

@article{Pang:Error,
  title={Error bounds in mathematical programming},
  author={Pang, Jong-Shi},
  journal={Mathematical Programming},
  volume={79},
  number={1-3},
  pages={299--332},
  year={1997},
  publisher={Springer}
}

@article{BurkeFerris:Weak,
  title={Weak sharp minima in mathematical programming},
  author={Burke, JV and Ferris, Michael C},
  journal={SIAM Journal on Control and Optimization},
  volume={31},
  number={5},
  pages={1340--1359},
  year={1993},
  publisher={SIAM}
}

@article{EpureanuGreenside:Fractal,
  title={Fractal basins of attraction associated with a damped Newton's method},
  author={Epureanu, Bogdan I and Greenside, Henry S},
  journal={SIAM review},
  pages={102--109},
  year={1998},
  publisher={JSTOR}
}
