## reference for MBP finding
@article{fasel2011cosmology,
    title={Cosmology analysis software},
      author={Fasel, P},
        journal={Los Alamos National Laboratory Tech Report},
          year={2011}
}

@inproceedings{sewell2015utilizing,
    title={Utilizing many-core accelerators for halo and center finding within a cosmology simulation},
      author={Sewell, Christopher and Lo, Li-ta and Heitmann, Katrin and Habib, Salman and Ahrens, James},
        booktitle={Large Data Analysis and Visualization (LDAV), 2015 IEEE 5th Symposium on},
          pages={91--98},
            year={2015},
              organization={IEEE}
}

@misc{kakde2005range,
    title={Range Searching using Kd Tree.},
      author={Kakde, Hemant M},
        journal={2009-10-10]. http://www, facweh iitkgp, emet in/-arijit/courses/autumn2005/kdtree, pdf},
          year={2005}
}
